@article{akkermans,
title = "Optimal design of experiments for excipient compatibility studies",
journal = "Chemometrics and Intelligent Laboratory Systems",
volume = "171",
pages = "125 - 139",
year = "2017",
author = "Wannes G.M. Akkermans and Hans Coppenolle and Peter Goos",
}

@book{atdoto,
author = "Atkinson, A. C. and Donev, A. N. and Tobias, R. D.",
title = "Optimum Experimental Designs, with SAS",
publisher = "Oxford: Oxford University Press",
year = "2007"
}

@article{coxdr,
author = {Cox, D. R.},
title = {Randomization in the Design of Experiments},
journal = {International Statistical Review},
volume = {77},
pages = {415--429},
year = {2009}
}

@article{huang,
author = {Huang, Yuanzhi and Gilmour, Steven G. and Mylona, Kalliopi and Goos, Peter},
title = {Optimal design of experiments for non-linear response surface models},
journal = {Journal of the Royal Statistical Society: Series C (Applied Statistics)},
volume = {68},
pages = {623--640},
year = {2019}
}

@article{kessels,
author = {Roselinde Kessels and Bradley Jones and Peter Goos and Martina Vandebroek},
title = {An Efficient Algorithm for Constructing {B}ayesian Optimal Choice Designs},
journal = {Journal of Business \& Economic Statistics},
volume = {27},
pages = {279-291},
year  = {2009}
}

@book{mont,
author = "Montgomery, D. C.",
title = "Design and Analysis of Experiments",
publisher = "New York: Wiley",
year = "2012"
}

@article{mylona,
author = {Kalliopi Mylona and Peter Goos and Bradley Jones},
title = {Optimal Design of Blocked and Split-Plot Experiments for Fixed Effects and Variance Component Estimation},
journal = {Technometrics},
volume = {56},
pages = {132-144},
year  = {2014},
}

@article{mylona2,
author = {Kalliopi Mylona and Steven G. Gilmour and Peter Goos},
title = {Optimal Blocked and Split-Plot Designs Ensuring Precise Pure-Error Estimation of the Variance Components},
journal = {Technometrics},
volume = {61},
pages = {To appear},
year  = {2019}}

@article{jeirani,
title = "The optimal mixture design of experiments: Alternative method in optimizing the aqueous phase composition of a microemulsion",
journal = "Chemometrics and Intelligent Laboratory Systems",
volume = "112",
pages = "1--7",
year = "2012",
author = "Zahra Jeirani and Badrul Mohamed Jan and Brahim Si Ali and Ishenny Mohd. Noor and See Chun Hwa and Wasan Saphanuchart",
}

@article{mancenido,
title = "Comparing {D}-optimal designs with common mixture experimental designs for logistic regression",
journal = "Chemometrics and Intelligent Laboratory Systems",
volume = "187",
pages = "11--18",
year = "2019",
author = "Michelle V. Mancenido and Rong Pan and Douglas C. Montgomery and Christine M. Anderson-Cook",
}

@article{arnouts,
  title={Design and analysis of industrial strip-plot experiments},
  author={Arnouts, Heidi and Goos, Peter and Jones, Bradley},
  journal={Quality and Reliability Engineering International},
  volume={26},
  pages={127--136},
  year={2010},
  publisher={Wiley Online Library}
}

@article{arnouts2,
  title={Staggered-level designs for response surface modeling},
  author={Arnouts, Heidi and Goos, Peter},
  journal={Journal of Quality Technology},
  volume={47},
  pages={156--175},
  year={2015},
  publisher={Taylor \& Francis}
}

@article{byrd,
  title={An interior point algorithm for large-scale nonlinear programming},
  author={Byrd, Richard H and Hribar, Mary E and Nocedal, Jorge},
  journal={SIAM Journal on Optimization},
  volume={9},
  pages={877--900},
  year={1999},
  publisher={SIAM}
}

@article{byrd2,
  title={A trust region method based on interior point techniques for nonlinear programming},
  author={Byrd, Richard H and Gilbert, Jean Charles and Nocedal, Jorge},
  journal={Mathematical Programming},
  volume={89},
  pages={149--185},
  year={2000},
  publisher={Springer}
}

@article{cuervo,
  title={Optimal design of large-scale screening experiments: a critical look at the coordinate-exchange algorithm},
  author={Cuervo, Daniel Palhazi and Goos, Peter and S{\"o}rensen, Kenneth},
  journal={Statistics and Computing},
  volume={26},
  pages={15--28},
  year={2016},
  publisher={Springer}
}

@article{errore,
  title={Benefits and fast construction of efficient two-level foldover designs},
  author={Errore, Anna and Jones, Bradley and Li, William and Nachtsheim, Christopher J},
  journal={Technometrics},
  volume={59},
  pages={48--57},
  year={2017},
  publisher={Taylor \& Francis}
}

@book{goos,
  title={Optimal design of experiments: a case study approach},
  author={Goos, Peter and Jones, Bradley},
  year={2011},
  publisher={John Wiley \& Sons}
}

@article{jones,
  title={D-optimal design of split-split-plot experiments},
  author={Jones, Bradley and Goos, Peter},
  journal={Biometrika},
  volume={96},
  pages={67--82},
  year={2009},
  publisher={Oxford University Press}
}

@article{jones2,
  title={A candidate-set-free algorithm for generating {D}-optimal split-plot designs},
  author={Jones, Bradley and Goos, Peter},
  journal={Journal of the Royal Statistical Society: Series C (Applied Statistics)},
  volume={56},
  pages={347--364},
  year={2007},
  publisher={Wiley Online Library}
}

@article{meyer,
  title={The coordinate-exchange algorithm for constructing exact optimal experimental designs},
  author={Meyer, Ruth K and Nachtsheim, Christopher J},
  journal={Technometrics},
  volume={37},
  pages={60--69},
  year={1995},
  publisher={Taylor \& Francis Group}
}

@article{trinca,
  title={Improved split-plot and multistratum designs},
  author={Trinca, Luzia A and Gilmour, Steven G},
  journal={Technometrics},
  volume={57},
  pages={145--154},
  year={2015},
  publisher={Taylor \& Francis}
}

@article{waltz,
  title={An interior algorithm for nonlinear optimization that combines line search and trust region steps},
  author={Waltz, Richard A and Morales, Jos{\'e} Luis and Nocedal, Jorge and Orban, Dominique},
  journal={Mathematical Programming},
  volume={107},
  pages={391--408},
  year={2006},
  publisher={Springer}
}

@article{ruseckaite,
  title={Bayesian {D}-optimal choice designs for mixtures},
  author={Ruseckaite, Aiste and Goos, Peter and Fok, Dennis},
  journal={Journal of the Royal Statistical Society: Series C (Applied Statistics)},
  volume={66},
  number={2},
  pages={363--386},
  year={2017},
  publisher={Wiley Online Library}
}

@article{park,
  title={Random number generators: good ones are hard to find},
  author={Park, Stephen K and Miller, Keith W},
  journal={Communications of the ACM},
  volume={31},
  pages={1192--1201},
  year={1988},
  publisher={ACM}
}

@article{matsumoto,
  title={Mersenne twister: a 623-dimensionally equidistributed uniform pseudo-random number generator},
  author={Matsumoto, Makoto and Nishimura, Takuji},
  journal={ACM Transactions on Modeling and Computer Simulation (TOMACS)},
  volume={8},
  pages={3--30},
  year={1998},
  publisher={ACM}
}






@website{DE,
  author = {Stat-Ease},
  title = {Optimal Exchange Methods},
  howpublished = {\url{https://www.statease.com/docs/v11/contents/advanced-topics/optimal-search-methods.html}},
  note = {Accessed: 2018-08-01}
}

@misc{JMP,
  author = {JMP},
  title = {Coordinate-Exchange Algorithm},
  howpublished = {\url{https://www.jmp.com/support/help/14/coordinate-exchange-algorithm.shtmll}},
  note = {Accessed: 2018-08-01}
}

@misc{MT,
  author = {Minitab},
  title = {Methods and formulas for Select Optimal Design},
  howpublished = {\url{https://support.minitab.com/en-us/minitab/18/help-and-how-to/modeling-statistics/doe/how-to/factorial/select-optimal-design/methods-and-formulas/methods-and-formulas/}},
  note = {Accessed: 2018-08-01}
}